@article{chen-2020,
	author = {Chen, Tao and Fan, Qingliang and Liu, Kai and Le, Lingshan},
	journal = {Journal of Applied Statistics},
	month = {7},
	number = {16},
	pages = {3116--3129},
	title = {{Identifying Key Factors in Momentum in Basketball Games}},
	volume = {48},
	year = {2020},
	doi = {10.1080/02664763.2020.1795819},
	url = {https://doi.org/10.1080/02664763.2020.1795819},
}

@article{MacPhee_Pollard_2004, title={Server advantage in tennis matches}, volume={41}, url={https://www.jstor.org/stable/4141389}, number={4}, journal={Journal of Applied Probability}, author={MacPhee, I. M. and Pollard, Jonathan Rougier and G. H.}, year={2004}, pages={1182–1186} }

@article{Klaassen_1999, title={On the Advantage of Serving First in a Tennis Set: Four Years at Wimbledon}, volume={48}, url={https://www.jstor.org/stable/2681190}, number={2}, journal={Journal of the Royal Statistical Society. Series D}, author={Klaassen, Jan R. Magnus and Franc J. G. M.}, year={1999}, pages={247–256} }

@article{Hale_2021, title={Is momentum real? An in-depth investigation of sports’ most overused term - ESPN}, url={https://www.espn.com.sg/college-football/story/_/id/32910904/is-momentum-real-depth-investigation-sports-most-overused-term}, journal={ESPN.com}, author={Hale, David}, year={2021}, month=dec }